%YAML 1.1
%TAG !u! tag:unity3d.com,2011:
--- !u!114 &-8950614351274894871
MonoBehaviour:
  m_ObjectHideFlags: 1
  m_CorrespondingSourceObject: {fileID: 0}
  m_PrefabInstance: {fileID: 0}
  m_PrefabAsset: {fileID: 0}
  m_GameObject: {fileID: 0}
  m_Enabled: 1
  m_EditorHideFlags: 0
  m_Script: {fileID: 11500000, guid: 90fb794a295e73545af71bcdb7375791, type: 3}
  m_Name: CinemachineShot
  m_EditorClassIdentifier: 
  DisplayName: 
  VirtualCamera:
    exposedName: 4040bcdd9e0813742a13821f966e3d47
    defaultValue: {fileID: 0}
--- !u!114 &-8765460445083788703
MonoBehaviour:
  m_ObjectHideFlags: 1
  m_CorrespondingSourceObject: {fileID: 0}
  m_PrefabInstance: {fileID: 0}
  m_PrefabAsset: {fileID: 0}
  m_GameObject: {fileID: 0}
  m_Enabled: 1
  m_EditorHideFlags: 0
  m_Script: {fileID: 11500000, guid: 05acc715f855ced458d76ee6f8ac6c61, type: 3}
  m_Name: Cinemachine Track
  m_EditorClassIdentifier: 
  m_Version: 3
  m_AnimClip: {fileID: 0}
  m_Locked: 0
  m_Muted: 0
  m_CustomPlayableFullTypename: 
  m_Curves: {fileID: 0}
  m_Parent: {fileID: 11400000}
  m_Children: []
  m_Clips:
  - m_Version: 1
    m_Start: 3.933333333333333
    m_ClipIn: 0
    m_Asset: {fileID: 8897680839502160364}
    m_Duration: 6.366666666666667
    m_TimeScale: 1
    m_ParentTrack: {fileID: -8765460445083788703}
    m_EaseInDuration: 0
    m_EaseOutDuration: 0
    m_BlendInDuration: -1
    m_BlendOutDuration: 6.366666666666667
    m_MixInCurve:
      serializedVersion: 2
      m_Curve: []
      m_PreInfinity: 2
      m_PostInfinity: 2
      m_RotationOrder: 4
    m_MixOutCurve:
      serializedVersion: 2
      m_Curve: []
      m_PreInfinity: 2
      m_PostInfinity: 2
      m_RotationOrder: 4
    m_BlendInCurveMode: 0
    m_BlendOutCurveMode: 0
    m_ExposedParameterNames: []
    m_AnimationCurves: {fileID: 0}
    m_Recordable: 0
    m_PostExtrapolationMode: 0
    m_PreExtrapolationMode: 0
    m_PostExtrapolationTime: 0
    m_PreExtrapolationTime: 0
    m_DisplayName: CM vcam2
  - m_Version: 1
    m_Start: 0
    m_ClipIn: 0
    m_Asset: {fileID: -8950614351274894871}
    m_Duration: 3.933333333333333
    m_TimeScale: 1
    m_ParentTrack: {fileID: -8765460445083788703}
    m_EaseInDuration: 0
    m_EaseOutDuration: 0
    m_BlendInDuration: -1
    m_BlendOutDuration: -1
    m_MixInCurve:
      serializedVersion: 2
      m_Curve:
      - serializedVersion: 3
        time: 0
        value: 0
        inSlope: 0
        outSlope: 0
        tangentMode: 0
        weightedMode: 0
        inWeight: 0
        outWeight: 0
      - serializedVersion: 3
        time: 1
        value: 1
        inSlope: 0
        outSlope: 0
        tangentMode: 0
        weightedMode: 0
        inWeight: 0
        outWeight: 0
      m_PreInfinity: 2
      m_PostInfinity: 2
      m_RotationOrder: 4
    m_MixOutCurve:
      serializedVersion: 2
      m_Curve: []
      m_PreInfinity: 2
      m_PostInfinity: 2
      m_RotationOrder: 4
    m_BlendInCurveMode: 0
    m_BlendOutCurveMode: 0
    m_ExposedParameterNames: []
    m_AnimationCurves: {fileID: 0}
    m_Recordable: 0
    m_PostExtrapolationMode: 0
    m_PreExtrapolationMode: 0
    m_PostExtrapolationTime: 0
    m_PreExtrapolationTime: 0
    m_DisplayName: CM vcam1
  - m_Version: 1
    m_Start: 3.933333333333333
    m_ClipIn: 0
    m_Asset: {fileID: -1987340071893717589}
    m_Duration: 10.733333333333333
    m_TimeScale: 1
    m_ParentTrack: {fileID: -8765460445083788703}
    m_EaseInDuration: 0
    m_EaseOutDuration: 0
    m_BlendInDuration: 6.366666666666667
    m_BlendOutDuration: 3.549999999999999
    m_MixInCurve:
      serializedVersion: 2
      m_Curve: []
      m_PreInfinity: 2
      m_PostInfinity: 2
      m_RotationOrder: 4
    m_MixOutCurve:
      serializedVersion: 2
      m_Curve: []
      m_PreInfinity: 2
      m_PostInfinity: 2
      m_RotationOrder: 4
    m_BlendInCurveMode: 0
    m_BlendOutCurveMode: 0
    m_ExposedParameterNames: []
    m_AnimationCurves: {fileID: 0}
    m_Recordable: 0
    m_PostExtrapolationMode: 0
    m_PreExtrapolationMode: 0
    m_PostExtrapolationTime: 0
    m_PreExtrapolationTime: 0
    m_DisplayName: CM vcam3
  - m_Version: 1
    m_Start: 11.116666666666667
    m_ClipIn: 0
    m_Asset: {fileID: -5918269439488271512}
    m_Duration: 7.516666666666666
    m_TimeScale: 1
    m_ParentTrack: {fileID: -8765460445083788703}
    m_EaseInDuration: 0
    m_EaseOutDuration: 0
    m_BlendInDuration: 3.549999999999999
    m_BlendOutDuration: 3.083333333333332
    m_MixInCurve:
      serializedVersion: 2
      m_Curve: []
      m_PreInfinity: 2
      m_PostInfinity: 2
      m_RotationOrder: 4
    m_MixOutCurve:
      serializedVersion: 2
      m_Curve: []
      m_PreInfinity: 2
      m_PostInfinity: 2
      m_RotationOrder: 4
    m_BlendInCurveMode: 0
    m_BlendOutCurveMode: 0
    m_ExposedParameterNames: []
    m_AnimationCurves: {fileID: 0}
    m_Recordable: 0
    m_PostExtrapolationMode: 0
    m_PreExtrapolationMode: 0
    m_PostExtrapolationTime: 0
    m_PreExtrapolationTime: 0
    m_DisplayName: CM vcam4
  - m_Version: 1
    m_Start: 15.55
    m_ClipIn: 0
    m_Asset: {fileID: 4007794895189082785}
    m_Duration: 4.283333333333331
    m_TimeScale: 1
    m_ParentTrack: {fileID: -8765460445083788703}
    m_EaseInDuration: 0
    m_EaseOutDuration: 0
    m_BlendInDuration: 3.083333333333332
    m_BlendOutDuration: -1
    m_MixInCurve:
      serializedVersion: 2
      m_Curve: []
      m_PreInfinity: 2
      m_PostInfinity: 2
      m_RotationOrder: 4
    m_MixOutCurve:
      serializedVersion: 2
      m_Curve:
      - serializedVersion: 3
        time: 0
        value: 1
        inSlope: 0
        outSlope: 0
        tangentMode: 0
        weightedMode: 0
        inWeight: 0
        outWeight: 0
      - serializedVersion: 3
        time: 1
        value: 0
        inSlope: 0
        outSlope: 0
        tangentMode: 0
        weightedMode: 0
        inWeight: 0
        outWeight: 0
      m_PreInfinity: 2
      m_PostInfinity: 2
      m_RotationOrder: 4
    m_BlendInCurveMode: 0
    m_BlendOutCurveMode: 0
    m_ExposedParameterNames: []
    m_AnimationCurves: {fileID: 0}
    m_Recordable: 0
    m_PostExtrapolationMode: 0
    m_PreExtrapolationMode: 0
    m_PostExtrapolationTime: 0
    m_PreExtrapolationTime: 0
    m_DisplayName: CM vcam5
  m_Markers:
    m_Objects: []
--- !u!114 &-5918269439488271512
MonoBehaviour:
  m_ObjectHideFlags: 1
  m_CorrespondingSourceObject: {fileID: 0}
  m_PrefabInstance: {fileID: 0}
  m_PrefabAsset: {fileID: 0}
  m_GameObject: {fileID: 0}
  m_Enabled: 1
  m_EditorHideFlags: 0
  m_Script: {fileID: 11500000, guid: 90fb794a295e73545af71bcdb7375791, type: 3}
  m_Name: CinemachineShot
  m_EditorClassIdentifier: 
  DisplayName: 
  VirtualCamera:
    exposedName: eac3f5fd49dc51e46829d8f64fe1f3f3
    defaultValue: {fileID: 0}
--- !u!114 &-1987340071893717589
MonoBehaviour:
  m_ObjectHideFlags: 1
  m_CorrespondingSourceObject: {fileID: 0}
  m_PrefabInstance: {fileID: 0}
  m_PrefabAsset: {fileID: 0}
  m_GameObject: {fileID: 0}
  m_Enabled: 1
  m_EditorHideFlags: 0
  m_Script: {fileID: 11500000, guid: 90fb794a295e73545af71bcdb7375791, type: 3}
  m_Name: CinemachineShot
  m_EditorClassIdentifier: 
  DisplayName: 
  VirtualCamera:
    exposedName: 5c642702ed3346d459ef314ea915a44c
    defaultValue: {fileID: 0}
--- !u!114 &-1179413442187340809
MonoBehaviour:
  m_ObjectHideFlags: 1
  m_CorrespondingSourceObject: {fileID: 0}
  m_PrefabInstance: {fileID: 0}
  m_PrefabAsset: {fileID: 0}
  m_GameObject: {fileID: 0}
  m_Enabled: 1
  m_EditorHideFlags: 0
  m_Script: {fileID: 11500000, guid: 2a16748d9461eae46a725db9776d5390, type: 3}
  m_Name: Markers
  m_EditorClassIdentifier: 
  m_Version: 3
  m_AnimClip: {fileID: 0}
  m_Locked: 0
  m_Muted: 0
  m_CustomPlayableFullTypename: 
  m_Curves: {fileID: 0}
  m_Parent: {fileID: 11400000}
  m_Children: []
  m_Clips: []
  m_Markers:
    m_Objects: []
--- !u!114 &-409042018006354353
MonoBehaviour:
  m_ObjectHideFlags: 1
  m_CorrespondingSourceObject: {fileID: 0}
  m_PrefabInstance: {fileID: 0}
  m_PrefabAsset: {fileID: 0}
  m_GameObject: {fileID: 0}
  m_Enabled: 1
  m_EditorHideFlags: 0
  m_Script: {fileID: 11500000, guid: d21dcc2386d650c4597f3633c75a1f98, type: 3}
  m_Name: Animation Track
  m_EditorClassIdentifier: 
  m_Version: 3
  m_AnimClip: {fileID: 0}
  m_Locked: 0
  m_Muted: 0
  m_CustomPlayableFullTypename: 
  m_Curves: {fileID: 0}
  m_Parent: {fileID: 11400000}
  m_Children: []
  m_Clips: []
  m_Markers:
    m_Objects: []
  m_InfiniteClipPreExtrapolation: 0
  m_InfiniteClipPostExtrapolation: 0
  m_InfiniteClipOffsetPosition: {x: 0, y: 0, z: 0}
  m_InfiniteClipOffsetEulerAngles: {x: 0, y: 0, z: 0}
  m_InfiniteClipTimeOffset: 0
  m_InfiniteClipRemoveOffset: 0
  m_InfiniteClipApplyFootIK: 1
  mInfiniteClipLoop: 0
  m_MatchTargetFields: 63
  m_Position: {x: 0, y: 0, z: 0}
  m_EulerAngles: {x: 0, y: 0, z: 0}
  m_AvatarMask: {fileID: 0}
  m_ApplyAvatarMask: 1
  m_TrackOffset: 0
  m_InfiniteClip: {fileID: 0}
  m_OpenClipOffsetRotation: {x: 0, y: 0, z: 0, w: 1}
  m_Rotation: {x: 0, y: 0, z: 0, w: 1}
  m_ApplyOffsets: 0
--- !u!114 &11400000
MonoBehaviour:
  m_ObjectHideFlags: 0
  m_CorrespondingSourceObject: {fileID: 0}
  m_PrefabInstance: {fileID: 0}
  m_PrefabAsset: {fileID: 0}
  m_GameObject: {fileID: 0}
  m_Enabled: 1
  m_EditorHideFlags: 0
  m_Script: {fileID: 11500000, guid: bfda56da833e2384a9677cd3c976a436, type: 3}
  m_Name: CutScenes
  m_EditorClassIdentifier: 
  m_Version: 0
  m_Tracks:
  - {fileID: -409042018006354353}
  - {fileID: -8765460445083788703}
  m_FixedDuration: 0
  m_EditorSettings:
    m_Framerate: 60
  m_DurationMode: 0
  m_MarkerTrack: {fileID: -1179413442187340809}
--- !u!114 &4007794895189082785
MonoBehaviour:
  m_ObjectHideFlags: 1
  m_CorrespondingSourceObject: {fileID: 0}
  m_PrefabInstance: {fileID: 0}
  m_PrefabAsset: {fileID: 0}
  m_GameObject: {fileID: 0}
  m_Enabled: 1
  m_EditorHideFlags: 0
  m_Script: {fileID: 11500000, guid: 90fb794a295e73545af71bcdb7375791, type: 3}
  m_Name: CinemachineShot
  m_EditorClassIdentifier: 
  DisplayName: 
  VirtualCamera:
    exposedName: cf4af3fc870b00542936626845f9af0a
    defaultValue: {fileID: 0}
--- !u!114 &8897680839502160364
MonoBehaviour:
  m_ObjectHideFlags: 1
  m_CorrespondingSourceObject: {fileID: 0}
  m_PrefabInstance: {fileID: 0}
  m_PrefabAsset: {fileID: 0}
  m_GameObject: {fileID: 0}
  m_Enabled: 1
  m_EditorHideFlags: 0
  m_Script: {fileID: 11500000, guid: 90fb794a295e73545af71bcdb7375791, type: 3}
  m_Name: CinemachineShot
  m_EditorClassIdentifier: 
  DisplayName: 
  VirtualCamera:
    exposedName: f487633be6780ba4d8a366196a634a98
    defaultValue: {fileID: 0}
